@online{CDC2021,
	institution = {Centers for Disease Control and Prevention},
	title = {Chronic Kidney Disease in the United States, 2021},
	year = {2021},
	url = {https://www.cdc.gov/kidneydisease/publications-resources/ckd-national-facts.html}
}

@misc{Dua2019,
	author = {Dua, Dheeru and Graff, Casey},
	year = {2017},
	title = {UCI Machine Learning Repository},
	url = {http://archive.ics.uci.edu/ml},
	institution = {University of California, Irvine, School of Information and Computer Sciences} 
}

@box{Fox2019,
	title = {An R Companion to Applied Regression},
	edition = {3},
	author = {John Fox and Sanford Weisberg},
	year = {2019},
	publisher = {Sage},
	url = {https://socialsciences.mcmaster.ca/jfox/Books/Companion/}
}

@article{Friedman2010,
	title = {Regularization Paths for Generalized Linear Models via Coordinate Descent},
	author = {Jerome Friedman and Trevor Hastie and Robert Tibshirani},
	journal = {Journal of Statistical Software},
	year = {2010},
	volume = {33},
	number = {1},
	pages = {1--22},
	url = {https://www.jstatsoft.org/v33/i01/},
	doi = {10.18637/jss.v033.i01}
}

@article{Kopyt2006,
    author = {Nelson P. Kopyt},
    doi = {doi:10.7556/jaoa.2006.106.3.133},
    title = {Chronic Kidney Disease: The New Silent Killer},
    journal = {Journal of Osteopathic Medicine},
    number = {3},
    volume = {106},
    year = {2006},
    pages = {133--136}
}

@article{Kuhn2008,
	author = {Kuhn, Max},
	title = {Building Predictive Models in R Using the caret Package},
	journal = {Journal of Statistical Software},
	year = {2008},
	volume={28},
	number={i05},
	doi={http://hdl.handle.net/10.}
}

@online{Saxena2021,
	title = {Synthetic Data Generation Using Conditional-GAN},
	year = {2021},
	author = {Pawan Saxena},
	organization = {Towards Data Science},
	url = {https://towardsdatascience.com/synthetic-data-generation-using-conditional-gan-45f91542ec6b}
}

@article{Versino2019,
  title = {Chronic kidney disease: The complex history of the organization of long-term care and bioethics. Why now, more than ever, action is needed},
  author = {Versino, Elisabetta and Piccoli, Giorgina Barbara},
  journal = {Int. J. Environ. Res. Public Health},
  volume = {16},
  number = {5},
  year = {2019}
}
